<record><leader>00000cas a22000007a 4500</leader><controlfield tag="001">15123057</controlfield><controlfield tag="008">870128d18771877iauwr ne      0    0eng d</controlfield><datafield ind1=" " ind2=" " tag="010"><subfield code="a">sn 87057016 </subfield></datafield><datafield ind1=" " ind2=" " tag="040"><subfield code="a">INP</subfield><subfield code="b">eng</subfield><subfield code="c">INP</subfield><subfield code="d">OCLCQ</subfield></datafield><datafield ind1=" " ind2=" " tag="042"><subfield code="a">msc</subfield></datafield><datafield ind1="0" ind2=" " tag="130"><subfield code="a">Manson press (Manson, Iowa : 1877)</subfield></datafield><datafield ind1="1" ind2="4" tag="245"><subfield code="a">The Manson press.</subfield></datafield><datafield ind1=" " ind2=" " tag="260"><subfield code="a">Manson [Iowa] :</subfield><subfield code="b">C.D. Auyer,</subfield><subfield code="c">1877.</subfield></datafield><datafield ind1=" " ind2=" " tag="300"><subfield code="a">v. :</subfield><subfield code="b">ill. ;</subfield><subfield code="c">50 cm.</subfield></datafield><datafield ind1=" " ind2=" " tag="310"><subfield code="a">Weekly</subfield></datafield><datafield ind1="0" ind2=" " tag="362"><subfield code="a">Aug. 9-Oct. 26, 1877.</subfield></datafield><datafield ind1=" " ind2=" " tag="500"><subfield code="a">Title from publisher's statement.</subfield></datafield><datafield ind1=" " ind2=" " tag="752"><subfield code="a">United States</subfield><subfield code="b">Iowa</subfield><subfield code="c">Calhoun</subfield><subfield code="d">Manson.</subfield></datafield><datafield ind1="0" ind2="0" tag="785"><subfield code="t">Manson semi-weekly press</subfield><subfield code="w">(DLC)sn 87057017</subfield></datafield></record>